<?xml version="1.0" encoding="UTF-8"?><collection xmlns="http://www.loc.gov/MARC21/slim"><record><leader>00449nam--2200181-u-4500</leader><controlfield tag="001">000051298</controlfield><controlfield tag="002">20161230</controlfield><controlfield tag="005">20161230201049</controlfield><controlfield tag="008">080616s1000------------r-----000-0-eng-d</controlfield><datafield ind1=" " ind2=" " tag="040"><subfield code="a">IFIN-HH</subfield></datafield><datafield ind1=" " ind2=" " tag="080"><subfield code="a">514.747.2</subfield></datafield><datafield ind1="1" ind2=" " tag="100"><subfield code="a">Fadeeva,L.D</subfield></datafield><datafield ind1="1" ind2="0" tag="245"><subfield code="a">Differentsialnaya Geometriya, Gruppy Li i Mekhanika</subfield></datafield><datafield ind1=" " ind2=" " tag="260"><subfield code="a">Leningrad</subfield><subfield code="b">Nauka</subfield><subfield code="c">1985</subfield></datafield><datafield ind1=" " ind2=" " tag="300"><subfield code="a">207 p</subfield></datafield><datafield ind1=" " ind2=" " tag="490"><subfield code="v">Tom VII</subfield></datafield><datafield ind1=" " ind2=" " tag="852"><subfield code="a">70299</subfield><subfield code="c">515/516</subfield></datafield><datafield ind1=" " ind2=" " tag="CAT"><subfield code="a">Sys</subfield><subfield code="c">20080616</subfield><subfield code="h">095938</subfield></datafield></record></collection>